
% ~~~~~~~~~ Articles ~~~~~~~~~

@article{morris2019using,
  title={Using simulation studies to evaluate statistical methods},
  author={Morris, Tim P and White, Ian R and Crowther, Michael J},
  journal={Statistics in medicine},
  volume={38},
  number={11},
  pages={2074--2102},
  year={2019},
  publisher={Wiley Online Library}
}


@article{wickham2009elegant,
  title={Elegant graphics for data analysis},
  author={Wickham, Hadley and others},
  journal={Media},
  volume={35},
  number={211},
  pages={10--1007},
  year={2009},
  publisher={Springer}
}

@article{wickham2011split,
  title={The split-apply-combine strategy for data analysis},
  author={Wickham, Hadley},
  journal={Journal of statistical software},
  volume={40},
  number={1},
  pages={1--29},
  year={2011}
}

% ~~~~~~~~~ Books ~~~~~~~~~

@Book{bookdown2016,
  title = {bookdown: Authoring Books and Technical Documents with {R} Markdown},
  author = {Yihui Xie},
  publisher = {Chapman and Hall/CRC},
  address = {Boca Raton, Florida},
  year = {2016},
  note = {ISBN 978-1138700109},
  url = {https://bookdown.org/yihui/bookdown},
}

@Book{dummies2015,
  title = {R for dummies},
  author = {Andrie de Vries and Joris Meys},
  publisher = {John Wiley \& Sons, Inc},
  address = {Hoboken, New Jersey},
  year = {2015},
  note = {ISBN 978-1119055808},
  url = {https://www.dummies.com/programming/r/how-to-use-the-r-help-files/},
}

@Book{knitr2015,
  title = {Dynamic Documents with {R} and knitr},
  author = {Yihui Xie},
  publisher = {Chapman and Hall/CRC},
  address = {Boca Raton, Florida},
  year = {2015},
  edition = {2nd},
  note = {ISBN 978-1498716963},
  url = {https://yihui.org/knitr/},
}

@InCollection{knitr2014,
  booktitle = {Implementing Reproducible Computational Research},
  editor = {Victoria Stodden and Friedrich Leisch and Roger D. Peng},
  title = {knitr: A Comprehensive Tool for Reproducible Research in {R}},
  author = {Yihui Xie},
  publisher = {Chapman and Hall/CRC},
  year = {2014},
  note = {ISBN 978-1466561595},
  url = {http://www.crcpress.com/product/isbn/9781466561595},
}

@Book{rmarkdown2018,
  title = {R Markdown: The Definitive Guide},
  author = {Yihui Xie and J.J. Allaire and Garrett Grolemund},
  publisher = {Chapman and Hall/CRC},
  address = {Boca Raton, Florida},
  year = {2018},
  note = {ISBN 9781138359338},
  url = {https://bookdown.org/yihui/rmarkdown},
}

@Book{rmarkdown2020,
  title = {R Markdown Cookbook},
  author = {Yihui Xie and Christophe Dervieux and Emily Riederer},
  publisher = {Chapman and Hall/CRC},
  address = {Boca Raton, Florida},
  year = {2020},
  note = {ISBN 9780367563837},
  url = {https://bookdown.org/yihui/rmarkdown-cookbook},
}


@Book{OpenIntro,
  title = {OpenIntro Statistics, Fourth Edition},
  author = {David Diez and Mine Cetinkaya-Rundel and Christopher D Barr},
  publisher = {OpenIntro},
  address = {},
  year = {2020},
  note = {},
  url = {https://www.openintro.org/book/os/},
}



% ~~~~~~~~~ Online  ~~~~~~~~~

@online{r-func,
  author = {{John Blischak, Daniel Chen, Harriet Dashnow, and Denis Haine}},
  title = {Software Carpentry: Programming with R.Version 2016.06},
  year = {2016},
  url = {https://swcarpentry.github.io/r-novice-inflammation/02-func-R/index.html},
  urldate = {2020-06-15}
}


% ~~~~~~~~~ Manuals ~~~~~~~~~

@Manual{Desharnais2020,
  title = {Biology3000},
  author = {{ Dr. Robert Desharnais}},
  organization = {California State University, Los Angeles},
  address = {Los Angeles, CA},
  year = {2020},
}


@Manual{R-base,
  title = {R: A Language and Environment for Statistical Computing},
  author = {{R Core Team}},
  organization = {R Foundation for Statistical Computing},
  address = {Vienna, Austria},
  year = {2020},
  url = {https://www.R-project.org/},
}

@Manual{R-bookdown,
  title = {bookdown: Authoring Books and Technical Documents with R Markdown},
  author = {Yihui Xie},
  year = {2021},
  note = {R package version 0.23},
  url = {https://CRAN.R-project.org/package=bookdown},
}

@Manual{R-knitr,
  title = {knitr: A General-Purpose Package for Dynamic Report Generation in R},
  author = {Yihui Xie},
  year = {2021},
  note = {R package version 1.33},
  url = {https://yihui.org/knitr/},
}

@Manual{R-rmarkdown,
  title = {rmarkdown: Dynamic Documents for R},
  author = {JJ Allaire and Yihui Xie and Jonathan McPherson and Javier Luraschi and Kevin Ushey and Aron Atkins and Hadley Wickham and Joe Cheng and Winston Chang and Richard Iannone},
  year = {2021},
  note = {R package version 2.10},
  url = {https://CRAN.R-project.org/package=rmarkdown},
}


